<record><leader>00000cas a22000007a 4500</leader><controlfield tag="001">2261672</controlfield><controlfield tag="008">760620d19261967paucr ne      0    0eng d</controlfield><controlfield tag="009">54</controlfield><datafield ind1=" " ind2=" " tag="010"><subfield code="a">sn 89077599 </subfield></datafield><datafield ind1=" " ind2=" " tag="040"><subfield code="a">PIT</subfield><subfield code="b">eng</subfield><subfield code="c">PIT</subfield><subfield code="d">NPH</subfield></datafield><datafield ind1="1" ind2=" " tag="029"><subfield code="a">AU@</subfield><subfield code="b">000025881216</subfield></datafield><datafield ind1=" " ind2=" " tag="042"><subfield code="a">msc</subfield></datafield><datafield ind1="0" ind2="0" tag="245"><subfield code="a">Grove City reporter-herald.</subfield></datafield><datafield ind1="0" ind2="0" tag="246"><subfield code="a">Grove City reporter herald.</subfield></datafield><datafield ind1=" " ind2=" " tag="260"><subfield code="a">Grove City, Pa.</subfield><subfield code="b">Grove City Print. Co.,</subfield><subfield code="c">1926-1967.</subfield></datafield><datafield ind1=" " ind2=" " tag="300"><subfield code="a">v. :</subfield><subfield code="b">ill. ;</subfield><subfield code="c">56 cm.</subfield></datafield><datafield ind1=" " ind2=" " tag="310"><subfield code="a">Semiweekly</subfield></datafield><datafield ind1="0" ind2=" " tag="362"><subfield code="a">48th yr., no. 1, (May 7, 1926)-89th yr., no. 67 (Aug. 29, 1967).</subfield></datafield><datafield ind1=" " ind2=" " tag="752"><subfield code="a">United States</subfield><subfield code="b">Pennsylvania</subfield><subfield code="c">Mercer</subfield><subfield code="d">Grove City.</subfield></datafield><datafield ind1="0" ind2="4" tag="780"><subfield code="t">Grove City reporter</subfield><subfield code="w">(DLC)sn 89077602</subfield></datafield><datafield ind1="0" ind2="4" tag="780"><subfield code="t">Grove City herald (Grove City, Pa. : 1921)</subfield><subfield code="w">(DLC)sn 89077600</subfield></datafield><datafield ind1="0" ind2="0" tag="785"><subfield code="t">Allied news Grove City reporter-herald</subfield><subfield code="w">(DLC)sn 89077598</subfield></datafield></record>